<?xml version="1.0" encoding="UTF-8" ?><marc:record xmlns:marc="http://www.loc.gov/MARC21/slim"><marc:leader>00425nam a2200109   4500</marc:leader><marc:controlfield tag="001">1000148</marc:controlfield><marc:controlfield tag="008">100120s1867        enk       |00|| und d</marc:controlfield><marc:datafield tag="100" ind1="1" ind2=" "><marc:subfield code="a">Darwin, Charles.</marc:subfield></marc:datafield><marc:datafield tag="245" ind1="1" ind2="0"><marc:subfield code="a">Wissenschaftliches System der Mimik und Physiognomik. :</marc:subfield><marc:subfield code="b">[Supplementary material in Charles Darwin's copy].</marc:subfield></marc:datafield><marc:datafield tag="500" ind1=" " ind2=" "><marc:subfield code="a">Identifier: Piderit1867fn81L_MS.</marc:subfield></marc:datafield><marc:datafield tag="700" ind1="1" ind2=" "><marc:subfield code="a">Piderit, T.</marc:subfield></marc:datafield><marc:datafield tag="772" ind1="0" ind2=" "><marc:subfield code="t">Wissenschaftliches System der Mimik und Physiognomik.</marc:subfield><marc:subfield code="o">Piderit1867fn81L</marc:subfield></marc:datafield></marc:record>